@InProceedings{lowe1999, 
author={D. G. {Lowe}}, 
booktitle={Proceedings of the Seventh IEEE International Conference on Computer Vision}, 
title={Object recognition from local scale-invariant features}, 
year={1999}, 
volume={2}, 
pages={1150-1157}, 
doi={10.1109/ICCV.1999.790410},
month={Sep.}
}

@article{lowe2004,
 author = {Lowe, David G.},
 title = {Distinctive Image Features from Scale-Invariant Keypoints},
 journal = {Int. J. Comput. Vision},
 issue_date = {November 2004},
 volume = {60},
 number = {2},
 month = nov,
 year = {2004},
 issn = {0920-5691},
 pages = {91--110},
 numpages = {20},
 url = {https://doi.org/10.1023/B:VISI.0000029664.99615.94},
 doi = {10.1023/B:VISI.0000029664.99615.94},
 acmid = {996342},
 publisher = {Kluwer Academic Publishers},
 address = {Hingham, MA, USA},
 keywords = {image matching, invariant features, object recognition, scale invariance}
}